@article{gustafsson2010statistical,
  title={Statistical sensor fusion},
  author={Gustafsson, Fredrik},
  year={2010},
  publisher={Studentlitteratur}
}
@inproceedings{fortuna2015cascaded,
  title={Cascaded line-of-sight path-following and sliding mode controllers for fixed-wing UAVs},
  author={Fortuna, Joao and Fossen, Thor I},
  booktitle={Control Applications (CCA), 2015 IEEE Conference on},
  pages={798--803},
  year={2015},
  organization={IEEE}
}

@inproceedings{you2012guidance,
  title={A Guidance and Control Law Design for Precision Automatic Take-off and Landing of Fixed-Wing UAVs},
  author={You, Dong Il and Jung, Yeun Deuk and Cho, Sung Wook and Shin, Hee Min and Lee, Sang Hyup and Shim, David Hyunchul},
  booktitle={AIAA Guidance, Navigation, and Control Conference},
  pages={1--19},
  year={2012}
}